@book{bass2021,
  author    = {Len Bass and Paul Clements and Rick Kazman},
  title     = {Software Architecture in Practice},
  edition   = {4},
  year      = {2021},
  publisher = {Addison-Wesley},
  address   = {Boston, MA}
}

@online{akkaNet,
  author       = {Akka.NET Project},
  title        = {Akka.NET Official Documentation},
  year         = {2025},
  url          = {https://getakka.net/},
  urldate      = {2025-10-20}
}